%% This is a collection of stubs of the most frequently used bibtex entries
%% with the required fields. Please refer to BibTeX/BibLaTeX docs for
%% additional details.
%% http://biblatex-biber.sourceforge.net/

@article{williams1996origin,
  title={The origin of the runes},
  author={Williams, Henrik},
  journal={Amsterdamer Beitr{\"a}ge zur {\"a}lteren Germanistik},
  volume={45},
  pages={211},
  year={1996},
  publisher={Rodopi NV}
}
@electronic{dotsies,
 author   = "Muth, Craig",
 title     = "Dotsies",
 url       = "http://dotsies.org"
}
@book{bussmann2006routledge,
  title={Routledge dictionary of language and linguistics},
  author={Bussmann, Hadumod},
  year={2006},
  publisher={Routledge}
}

@book{reza1961introduction,
  title={An introduction to information theory},
  author={Reza, Fazlollah M},
  year={1961},
  publisher={Courier Corporation}
}

@article{hunt1995subtlety,
  title={The subtlety of distinctiveness: What von Restorff really did},
  author={Hunt, R Reed},
  journal={Psychonomic Bulletin \& Review},
  volume={2},
  number={1},
  pages={105--112},
  year={1995},
  doi={10.3758/BF03214414},
  publisher={Springer}
}

@article{pearson1900x,
  title={X. On the criterion that a given system of deviations from the probable in the case of a correlated system of variables is such that it can be reasonably supposed to have arisen from random sampling},
  author={Pearson, Karl},
  journal={The London, Edinburgh, and Dublin Philosophical Magazine and Journal of Science},
  volume={50},
  number={302},
  pages={157--175},
  year={1900},
  publisher={Taylor \& Francis}
}

@article{Alns2014PupilSS,
  title={Pupil size signals mental effort deployed during multiple object tracking and predicts brain activity in the dorsal attention network and the locus coeruleus.},
  author={Dag Aln{\ae}s and Markus Handal Sneve and Thomas Espeseth and Tor Endestad and Steven Harry Pieter van de Pavert and Bruno Laeng},
  journal={Journal of vision},
  year={2014},
  volume={14 4}
}

@article{kochura2017comparative,
  title={Comparative Analysis of Open Source Frameworks for Machine Learning with Use Case in Single-Threaded and Multi-Threaded Modes},
  author={Kochura, Yuriy and Stirenko, Sergii and Rojbi, Anis and Alienin, Oleg and Novotarskiy, Michail and Gordienko, Yuri},
  journal={arXiv preprint arXiv:1706.02248},
  year={2017}
}


@article{gordienko2017augmented,
  author    = {Yuri Gordienko and
               Sergii Stirenko and
               Oleg Alienin and
               Karolj Skala and
               Z. Soyat and
               G. Jervan et al.},
  title     = {Augmented Coaching Ecosystem for Non-obtrusive Adaptive Personalized
               Elderly Care on the Basis of Cloud-Fog-Dew Computing Paradigm},
  journal={40th International Convention on Information and Communication Technology, Electronics and Microelectronics (MIPRO) Opatija, Croatia (2017); arXiv preprint arXiv:1704.04988},
  volume    = {abs/1704.04988},
  year      = {2017},
  url       = {http://arxiv.org/abs/1704.04988},
}

@article{stirenko2017user,
  title={User-driven Intelligent Interface on the Basis of Multimodal Augmented Reality and Brain-Computer Interaction for People with Functional Disabilities},
  author={Sergii Stirenko and
               Yuri Gordienko and
               T. Shemsedinov and
               Oleg Alienin and
               Yuriy Kochura and
               Nikita Gordienko et al.
          },
  journal={arXiv preprint arXiv:1704.05915},
  year={2017}
}

@article{gordienko2017ccp,
  title={Deep Learning for Fatigue Estimation on the Basis of Multimodal Human-Machine Interactions},
  author={N.Gordienko and S.Stirenko and Yu.Kochura and O.Alienin and M.Novotarskiy and Yu.Gordienko},
  journal={XXIX IUPAP Conference on Computational Physics (CCP2017) Paris, France},
  year={2017}
}

